@article{cmf_piano,
    title = {钢琴音色识别与电子合成系统的设计与实现},
    author = {程美芳},
    tertiaryauthor = {程红蓉;周泽彬},
    publisher = {电子科技大学},
    typeofwork = {硕士},
    year = {2014},
    keywords = {机器听觉;傅里叶变换;频谱分析;钢琴音色合成},
    abstract = {乐器仿真是跨软件工程和音乐理论双领域的交叉学科研究方向,长期以来,受到专业知识的限制,音乐专业人士不能采用软件工程及数学方法对乐器声学原理进行深入的剖析,而软件工程人员对音乐知识了解相对较少,
                因此涉及音乐的软件工程研究一直相对薄弱。实际上,在现代信号处理、模式识别的技术支撑下,可以揭示音乐背后的数学秘密,提高人类对音乐的理解。软件工程技术在音乐领域的应用,将给人类带来全新的听觉感受,
                符合国家近期提出的文化强国理念,在人文、科技领域都具有研究意义。本论文正是把软件工程和音乐理论相结合,以电子合成钢琴音色为目的,在剖析“十二平均律”、“钢琴弦振动方程”的数学基础上,
                对钢琴音色识别与电子合成方法进行了详尽的讨论和研究。主要内容为},
    databaseprovider = {cnki},
}

@article{css_piano,
    title = {一种钢琴乐音仿真模型的研究},
    author = {曹莎莎},
    tertiaryauthor = {吴永忠},
    publisher = {合肥工业大学},
    typeofwork = {硕士},
    year = {2017},
    keywords = {乐器声音仿真;弦振动;时域包络;共振系统;频谱包络},
    abstract = {乐器的声音仿真技术是融合声学、数学、计算机软件以及信号处理等领域知识的一门科学,其主要目标是以真实乐器声音的物理特征为原型实现乐声的再现。随着计算机技术在音乐领域的不断融入,
                对于乐器声音的仿真日趋成为当前声音合成技术领域研究的重点,对推动多媒体技术以及电声乐器行业的发展都具有重要意义。本文对各种声音仿真技术进行了介绍,并以钢琴乐器为研究素材,
                在研究乐器的物理结构和发声机理的理论基础以及分析十二平均律和振动方程的数学基础上,通过对钢琴琴弦振动和衰减特性的分析以及共鸣箱共振作用的探讨,提出了一种新的数字化钢琴乐音仿真技术,
                仿真模型由激励系统和共振系统两部分组成。该模型是在一系列叠加的正弦波模拟琴弦振动的基础上,分别从时域和频域两个层面进行音色的修饰。首先根据短时均方根能量提取的振幅包络获得的包络函数来进行时域上的包络修饰,
                以模拟琴弦振动的自然衰减;其次,乐器的音色主要来源于共振体的修饰,频谱包络是共振体的主要体现,通过倒谱法提取钢琴各音符的频谱包络以此建模滤波器组来进行频域上的进一步修饰,
                从而实现共振系统的仿真。本文对提出的乐音系统仿真模型进行了具体的实验验证,通过实验证明},
    databaseprovider = {cnki},
}
@article{piano_model_ljs,
    title = {钢琴弦列的声学特性与理想弦振动模型},
    author = {刘金寿;刘远;},
    authoraddress = {大连大学},
    journal = {演艺设备与科技},
    year = {2007},
    number = {04},
    pages = {62-63},
    keywords = {钢琴声学系统;钢琴音源;谐音列;谐波群},
    abstract = {应用物理声学的弦振动模型,分析钢琴弦列的物理结构与声学特性,阐述计算单音弦组谐音列的方法,讨论理想弦振动模型与现实钢琴弦振动的差异。},
    isbn/issn = {1672-5735},
    notes = {11-5134/tb},
    databaseprovider = {cnki},
}
@article{piano_model_yz,
    title = {钢琴弦的非理想性与钢琴调律},
    author = {杨拯;},
    journal = {乐器},
    year = {2016},
    number = {10},
    pages = {22-25},
    keywords = {钢琴弦;基准音组;钢琴调律;非理想性;},
    abstract = {<正>一、什么是钢琴弦的非理想性一根理想的钢琴弦应该是垂顺而不扭曲、密度均匀、粗细均匀、劲度合理、没有生锈,具备良好声学潜质,
                同时获得有效的悬挂和支撑的直金属线。其横振动中的分段振动所产生的泛音频率基本符合理论值,纵振动、扭转振动、倍频振动所产生的泛音,不影响琴弦的"基本"
                音色。1.钢琴弦是不完全垂顺的近圆柱体的琴弦发生扭曲是不容易看出来的。如果我们在张弦前涂上与琴弦纵向平行的"斑马"},
    isbn/issn = {1002-5995},
    notes = {11-2511/ts},
    databaseprovider = {cnki},
}